<?xml version="1.0" encoding="UTF-8"?><collection xmlns="http://www.loc.gov/MARC21/slim"><record><leader>00452nam--2200145-i-4500</leader><controlfield tag="001">000014173</controlfield><controlfield tag="002">20161230</controlfield><controlfield tag="005">20161230201030</controlfield><controlfield tag="008">060222s1000------------r-----000-0-eng-d</controlfield><datafield ind1=" " ind2=" " tag="100"><subfield code="a">Cox, D.R.Anc Hinkley, D.V</subfield></datafield><datafield ind1=" " ind2=" " tag="245"><subfield code="a">Progress in radiopharmacology selected topics. proceedings of the european ..</subfield></datafield><datafield ind1=" " ind2=" " tag="260"><subfield code="a">Amsterdam, Elsevier North-holland Biomedical Press, 1979</subfield></datafield><datafield ind1=" " ind2=" " tag="490"><subfield code="a">X+249p</subfield></datafield><datafield ind1=" " ind2=" " tag="700"><subfield code="a">Cox, Peter H</subfield></datafield><datafield ind1=" " ind2=" " tag="852"><subfield code="a">655.849:621.039.85(061.3)</subfield></datafield></record></collection>